<record xmlns="http://www.loc.gov/MARC21/slim" xmlns:xsi="http://www.w3.org/2001/XMLSchema-instance" xsi:schemaLocation="http://www.loc.gov/MARC21/slim http://www.loc.gov/standards/marcxml/schema/MARC21slim.xsd"><leader>01563nam a2200337   4500</leader><controlfield tag="001">001764530</controlfield><controlfield tag="003">NNU</controlfield><controlfield tag="006">m        d        </controlfield><controlfield tag="007">cr cn |||m|||a</controlfield><controlfield tag="008">150223m18861888le      o     000 0 ara d</controlfield><datafield ind1=" " ind2=" " tag="040"><subfield code="a">NNU</subfield><subfield code="b">eng</subfield><subfield code="c">NNU</subfield></datafield><datafield ind1=" " ind2="4" tag="050"><subfield code="a">PJ7601</subfield><subfield code="b">.M263</subfield></datafield><datafield ind1=" " ind2=" " tag="066"><subfield code="c">(3</subfield></datafield><datafield ind1=" " ind2=" " tag="090"><subfield code="a">PJ7601</subfield><subfield code="b">.M263</subfield></datafield><datafield ind1="0" ind2="0" tag="245"><subfield code="6">880-01</subfield><subfield code="a">Shar&#7717; Maj&#257;n&#299; al-adab f&#299; &#7717;ad&#257;&#700;iq al-&#699;Arab</subfield><subfield code="h">[electronic resource] /</subfield><subfield code="c">li-a&#7717;ad al-&#257;b&#257;&#700; al-Yas&#363;&#699;&#299;y&#299;n.</subfield></datafield><datafield ind1=" " ind2=" " tag="260"><subfield code="6">880-02</subfield><subfield code="a">Bayr&#363;t :</subfield><subfield code="b">Ma&#7789;ba&#699;at al-&#256;b&#257;&#700; al-Yas&#363;&#699;&#299;y&#299;n,</subfield><subfield code="c">1886-1888.</subfield></datafield><datafield ind1=" " ind2=" " tag="300"><subfield code="a">online resource (3 v.)</subfield></datafield><datafield ind1=" " ind2=" " tag="500"><subfield code="a">Part of the Arabic Collections Online (ACO) project, contributed by New York Univeristy Libraries.</subfield></datafield><datafield ind1=" " ind2=" " tag="533"><subfield code="a">Electronic reproduction.</subfield><subfield code="b">New York, N.Y. :</subfield><subfield code="c">New York University,</subfield><subfield code="d">2015.</subfield><subfield code="5">NNU</subfield></datafield><datafield ind1=" " ind2="0" tag="650"><subfield code="a">Arabic literature.</subfield></datafield><datafield ind1="0" ind2="0" tag="630"><subfield code="a">Maj&#257;n&#299; al-adab f&#299; &#7717;ad&#257;&#700;iq al-&#699;Arab.</subfield></datafield><datafield ind1="1" ind2=" " tag="700"><subfield code="6">880-03</subfield><subfield code="a">Cheikho, Louis,</subfield><subfield code="d">1859-1927</subfield></datafield><datafield ind1="2" ind2=" " tag="710"><subfield code="a">New York University.</subfield><subfield code="b">Libraries.</subfield></datafield><datafield ind1="0" ind2=" " tag="730"><subfield code="a">Arabic Collections Online.</subfield></datafield><datafield ind1="0" ind2="8" tag="776"><subfield code="i">Print version:</subfield><subfield code="t">Shar&#7717; Maj&#257;n&#299; al-adab f&#299; &#7717;ad&#257;&#700;iq al-&#699;Arab</subfield><subfield code="w">(NNU)001764530</subfield></datafield><datafield ind1="4" ind2="0" tag="856"><subfield code="u">http://hdl.handle.net/2333.1/98sf7p89</subfield></datafield><datafield ind1="0" ind2="0" tag="880"><subfield code="6">245-01/</subfield><subfield code="a">&#1588;&#1585;&#1581; &#1605;&#1580;&#1575;&#1606;&#1610; &#1575;&#1604;&#1571;&#1583;&#1576; &#1601;&#1610; &#1581;&#1583;&#1575;&#1574;&#1602; &#1575;&#1604;&#1593;&#1585;&#1576; /</subfield><subfield code="c">&#1604;&#1571;&#1581;&#1583; &#1575;&#1604;&#1570;&#1576;&#1575;&#1569; &#1575;&#1604;&#1610;&#1587;&#1608;&#1593;&#1610;&#1610;&#1606;.</subfield></datafield><datafield ind1=" " ind2=" " tag="880"><subfield code="6">260-02/</subfield><subfield code="a">&#1576;&#1610;&#1585;&#1608;&#1578; :</subfield><subfield code="b">&#1605;&#1591;&#1576;&#1593;&#1577; &#1575;&#1604;&#1570;&#1576;&#1575;&#1569; &#1575;&#1604;&#1610;&#1587;&#1608;&#1593;&#1610;&#1610;&#1606;&#1548;</subfield><subfield code="c">1886-1888.</subfield></datafield><datafield ind1="1" ind2=" " tag="880"><subfield code="6">700-03/</subfield><subfield code="a">&#1588;&#1610;&#1582;&#1608;&#1548; &#1604;&#1608;&#1610;&#1587;.</subfield></datafield><datafield ind1=" " ind2=" " tag="959"><subfield code="a">NNU</subfield><subfield code="b">WEB</subfield><subfield code="c">GENI</subfield><subfield code="t">0</subfield><subfield code="m">Electronic access</subfield><subfield code="s">01</subfield></datafield><datafield ind1=" " ind2=" " tag="999"><subfield code="i">NNU_001764530</subfield><subfield code="s">nyu_aco000080:v.1</subfield><subfield code="s">nyu_aco000081:v.2</subfield><subfield code="s">nyu_aco000082:v.3</subfield></datafield></record>